<?xml version="1.0" encoding="UTF-8"?><collection xmlns="http://www.loc.gov/MARC21/slim"><record><leader>00453nam--2200169-i-4500</leader><controlfield tag="001">000028529</controlfield><controlfield tag="002">20161230</controlfield><controlfield tag="005">20161230201037</controlfield><controlfield tag="008">060222s1000------------r-----000-0-eng-d</controlfield><datafield ind1=" " ind2=" " tag="040"><subfield code="a">IFIN-HH</subfield></datafield><datafield ind1=" " ind2=" " tag="080"><subfield code="a">34</subfield></datafield><datafield ind1="1" ind2=" " tag="100"><subfield code="a">Langevin, Paul</subfield></datafield><datafield ind1="1" ind2="0" tag="245"><subfield code="a">Oeuvres scientifiques</subfield><subfield code="c">Paul langevin</subfield></datafield><datafield ind1=" " ind2=" " tag="260"><subfield code="a">Paris, Cnrs, 1950, 687p</subfield><subfield code="b">Centre National De La Recehrche Scientifique</subfield><subfield code="c">1950</subfield></datafield><datafield ind1=" " ind2=" " tag="300"><subfield code="a">687P</subfield></datafield><datafield ind1=" " ind2=" " tag="852"><subfield code="a">10352</subfield><subfield code="c">53</subfield></datafield><datafield ind1=" " ind2=" " tag="CAT"><subfield code="a">Sys</subfield><subfield code="c">20150129</subfield><subfield code="h">212753</subfield></datafield></record></collection>